%YAML 1.1
%TAG !u! tag:unity3d.com,2011:
--- !u!1001 &100100000
Prefab:
  m_ObjectHideFlags: 1
  serializedVersion: 2
  m_Modification:
    m_TransformParent: {fileID: 0}
    m_Modifications: []
    m_RemovedComponents: []
  m_ParentPrefab: {fileID: 0}
  m_RootGameObject: {fileID: 1749486366854184}
  m_IsPrefabParent: 1
--- !u!1 &1018725298393776
GameObject:
  m_ObjectHideFlags: 1
  m_PrefabParentObject: {fileID: 0}
  m_PrefabInternal: {fileID: 100100000}
  serializedVersion: 5
  m_Component:
  - component: {fileID: 4466959927278644}
  m_Layer: 8
  m_Name: Hand_R
  m_TagString: Untagged
  m_Icon: {fileID: 0}
  m_NavMeshLayer: 0
  m_StaticEditorFlags: 0
  m_IsActive: 1
--- !u!1 &1050731057417248
GameObject:
  m_ObjectHideFlags: 1
  m_PrefabParentObject: {fileID: 0}
  m_PrefabInternal: {fileID: 100100000}
  serializedVersion: 5
  m_Component:
  - component: {fileID: 4982102036115508}
  m_Layer: 8
  m_Name: Upper_Arm_R
  m_TagString: Untagged
  m_Icon: {fileID: 0}
  m_NavMeshLayer: 0
  m_StaticEditorFlags: 0
  m_IsActive: 1
--- !u!1 &1072556698399476
GameObject:
  m_ObjectHideFlags: 1
  m_PrefabParentObject: {fileID: 0}
  m_PrefabInternal: {fileID: 100100000}
  serializedVersion: 5
  m_Component:
  - component: {fileID: 4942649009164566}
  m_Layer: 8
  m_Name: Armor_L
  m_TagString: Untagged
  m_Icon: {fileID: 0}
  m_NavMeshLayer: 0
  m_StaticEditorFlags: 0
  m_IsActive: 1
--- !u!1 &1096936707981544
GameObject:
  m_ObjectHideFlags: 1
  m_PrefabParentObject: {fileID: 0}
  m_PrefabInternal: {fileID: 100100000}
  serializedVersion: 5
  m_Component:
  - component: {fileID: 4572881007162132}
  m_Layer: 8
  m_Name: Hips
  m_TagString: Untagged
  m_Icon: {fileID: 0}
  m_NavMeshLayer: 0
  m_StaticEditorFlags: 0
  m_IsActive: 1
--- !u!1 &1108631055449906
GameObject:
  m_ObjectHideFlags: 1
  m_PrefabParentObject: {fileID: 0}
  m_PrefabInternal: {fileID: 100100000}
  serializedVersion: 5
  m_Component:
  - component: {fileID: 4123682699928918}
  m_Layer: 8
  m_Name: Foot_R
  m_TagString: Untagged
  m_Icon: {fileID: 0}
  m_NavMeshLayer: 0
  m_StaticEditorFlags: 0
  m_IsActive: 1
--- !u!1 &1109991373915156
GameObject:
  m_ObjectHideFlags: 1
  m_PrefabParentObject: {fileID: 0}
  m_PrefabInternal: {fileID: 100100000}
  serializedVersion: 5
  m_Component:
  - component: {fileID: 4836240158146428}
  m_Layer: 8
  m_Name: Lower_Leg_L
  m_TagString: Untagged
  m_Icon: {fileID: 0}
  m_NavMeshLayer: 0
  m_StaticEditorFlags: 0
  m_IsActive: 1
--- !u!1 &1229202312696798
GameObject:
  m_ObjectHideFlags: 1
  m_PrefabParentObject: {fileID: 0}
  m_PrefabInternal: {fileID: 100100000}
  serializedVersion: 5
  m_Component:
  - component: {fileID: 4269514582240936}
  m_Layer: 8
  m_Name: Upper_Arm_L
  m_TagString: Untagged
  m_Icon: {fileID: 0}
  m_NavMeshLayer: 0
  m_StaticEditorFlags: 0
  m_IsActive: 1
--- !u!1 &1257389065171680
GameObject:
  m_ObjectHideFlags: 1
  m_PrefabParentObject: {fileID: 0}
  m_PrefabInternal: {fileID: 100100000}
  serializedVersion: 5
  m_Component:
  - component: {fileID: 4590531842949622}
  - component: {fileID: 137234310945966412}
  - component: {fileID: 136670695242493686}
  m_Layer: 8
  m_Name: LichMesh
  m_TagString: Untagged
  m_Icon: {fileID: 0}
  m_NavMeshLayer: 0
  m_StaticEditorFlags: 0
  m_IsActive: 1
--- !u!1 &1275372143877114
GameObject:
  m_ObjectHideFlags: 1
  m_PrefabParentObject: {fileID: 0}
  m_PrefabInternal: {fileID: 100100000}
  serializedVersion: 5
  m_Component:
  - component: {fileID: 4761089344667484}
  m_Layer: 8
  m_Name: Upper_Leg_L
  m_TagString: Untagged
  m_Icon: {fileID: 0}
  m_NavMeshLayer: 0
  m_StaticEditorFlags: 0
  m_IsActive: 1
--- !u!1 &1280808950905638
GameObject:
  m_ObjectHideFlags: 1
  m_PrefabParentObject: {fileID: 0}
  m_PrefabInternal: {fileID: 100100000}
  serializedVersion: 5
  m_Component:
  - component: {fileID: 4133930010130956}
  m_Layer: 8
  m_Name: Toes_R
  m_TagString: Untagged
  m_Icon: {fileID: 0}
  m_NavMeshLayer: 0
  m_StaticEditorFlags: 0
  m_IsActive: 1
--- !u!1 &1308262552256654
GameObject:
  m_ObjectHideFlags: 1
  m_PrefabParentObject: {fileID: 0}
  m_PrefabInternal: {fileID: 100100000}
  serializedVersion: 5
  m_Component:
  - component: {fileID: 4941904409002036}
  m_Layer: 8
  m_Name: Index_Proximal_R
  m_TagString: Untagged
  m_Icon: {fileID: 0}
  m_NavMeshLayer: 0
  m_StaticEditorFlags: 0
  m_IsActive: 1
--- !u!1 &1423299980328996
GameObject:
  m_ObjectHideFlags: 1
  m_PrefabParentObject: {fileID: 0}
  m_PrefabInternal: {fileID: 100100000}
  serializedVersion: 5
  m_Component:
  - component: {fileID: 4253750030494028}
  m_Layer: 8
  m_Name: Toes_L
  m_TagString: Untagged
  m_Icon: {fileID: 0}
  m_NavMeshLayer: 0
  m_StaticEditorFlags: 0
  m_IsActive: 1
--- !u!1 &1464074661179490
GameObject:
  m_ObjectHideFlags: 1
  m_PrefabParentObject: {fileID: 0}
  m_PrefabInternal: {fileID: 100100000}
  serializedVersion: 5
  m_Component:
  - component: {fileID: 4653233424217232}
  m_Layer: 8
  m_Name: Hand_L
  m_TagString: Untagged
  m_Icon: {fileID: 0}
  m_NavMeshLayer: 0
  m_StaticEditorFlags: 0
  m_IsActive: 1
--- !u!1 &1535926999255990
GameObject:
  m_ObjectHideFlags: 1
  m_PrefabParentObject: {fileID: 0}
  m_PrefabInternal: {fileID: 100100000}
  serializedVersion: 5
  m_Component:
  - component: {fileID: 4570456881597482}
  m_Layer: 8
  m_Name: Upper_Reg_R
  m_TagString: Untagged
  m_Icon: {fileID: 0}
  m_NavMeshLayer: 0
  m_StaticEditorFlags: 0
  m_IsActive: 1
--- !u!1 &1607662248910726
GameObject:
  m_ObjectHideFlags: 1
  m_PrefabParentObject: {fileID: 0}
  m_PrefabInternal: {fileID: 100100000}
  serializedVersion: 5
  m_Component:
  - component: {fileID: 4812221589697626}
  m_Layer: 8
  m_Name: Foot_L
  m_TagString: Untagged
  m_Icon: {fileID: 0}
  m_NavMeshLayer: 0
  m_StaticEditorFlags: 0
  m_IsActive: 1
--- !u!1 &1666404115562580
GameObject:
  m_ObjectHideFlags: 1
  m_PrefabParentObject: {fileID: 0}
  m_PrefabInternal: {fileID: 100100000}
  serializedVersion: 5
  m_Component:
  - component: {fileID: 4825332376013356}
  m_Layer: 8
  m_Name: Armor_R
  m_TagString: Untagged
  m_Icon: {fileID: 0}
  m_NavMeshLayer: 0
  m_StaticEditorFlags: 0
  m_IsActive: 1
--- !u!1 &1705659541912488
GameObject:
  m_ObjectHideFlags: 1
  m_PrefabParentObject: {fileID: 0}
  m_PrefabInternal: {fileID: 100100000}
  serializedVersion: 5
  m_Component:
  - component: {fileID: 4143575175167704}
  m_Layer: 8
  m_Name: Spine
  m_TagString: Untagged
  m_Icon: {fileID: 0}
  m_NavMeshLayer: 0
  m_StaticEditorFlags: 0
  m_IsActive: 1
--- !u!1 &1709610372405284
GameObject:
  m_ObjectHideFlags: 0
  m_PrefabParentObject: {fileID: 0}
  m_PrefabInternal: {fileID: 100100000}
  serializedVersion: 5
  m_Component:
  - component: {fileID: 4505027038175320}
  - component: {fileID: 95522103011425366}
  m_Layer: 8
  m_Name: FreeLich
  m_TagString: Untagged
  m_Icon: {fileID: 0}
  m_NavMeshLayer: 0
  m_StaticEditorFlags: 0
  m_IsActive: 1
--- !u!1 &1724029128209828
GameObject:
  m_ObjectHideFlags: 1
  m_PrefabParentObject: {fileID: 0}
  m_PrefabInternal: {fileID: 100100000}
  serializedVersion: 5
  m_Component:
  - component: {fileID: 4821427367972060}
  m_Layer: 8
  m_Name: Head
  m_TagString: Untagged
  m_Icon: {fileID: 0}
  m_NavMeshLayer: 0
  m_StaticEditorFlags: 0
  m_IsActive: 1
--- !u!1 &1725459023725544
GameObject:
  m_ObjectHideFlags: 1
  m_PrefabParentObject: {fileID: 0}
  m_PrefabInternal: {fileID: 100100000}
  serializedVersion: 5
  m_Component:
  - component: {fileID: 4543762081257958}
  m_Layer: 8
  m_Name: Rower_Reg_R
  m_TagString: Untagged
  m_Icon: {fileID: 0}
  m_NavMeshLayer: 0
  m_StaticEditorFlags: 0
  m_IsActive: 1
--- !u!1 &1743063676627074
GameObject:
  m_ObjectHideFlags: 1
  m_PrefabParentObject: {fileID: 0}
  m_PrefabInternal: {fileID: 100100000}
  serializedVersion: 5
  m_Component:
  - component: {fileID: 4191960353890928}
  m_Layer: 8
  m_Name: Rower_Arm_R
  m_TagString: Untagged
  m_Icon: {fileID: 0}
  m_NavMeshLayer: 0
  m_StaticEditorFlags: 0
  m_IsActive: 1
--- !u!1 &1749486366854184
GameObject:
  m_ObjectHideFlags: 0
  m_PrefabParentObject: {fileID: 0}
  m_PrefabInternal: {fileID: 100100000}
  serializedVersion: 5
  m_Component:
  - component: {fileID: 4972799230723336}
  - component: {fileID: 114267626440218076}
  - component: {fileID: 114707444857478558}
  m_Layer: 8
  m_Name: E_Lich
  m_TagString: Untagged
  m_Icon: {fileID: 0}
  m_NavMeshLayer: 0
  m_StaticEditorFlags: 0
  m_IsActive: 1
--- !u!1 &1769791990349558
GameObject:
  m_ObjectHideFlags: 1
  m_PrefabParentObject: {fileID: 0}
  m_PrefabInternal: {fileID: 100100000}
  serializedVersion: 5
  m_Component:
  - component: {fileID: 4041007862208876}
  m_Layer: 8
  m_Name: Index_Proximal_L
  m_TagString: Untagged
  m_Icon: {fileID: 0}
  m_NavMeshLayer: 0
  m_StaticEditorFlags: 0
  m_IsActive: 1
--- !u!1 &1796809785947052
GameObject:
  m_ObjectHideFlags: 1
  m_PrefabParentObject: {fileID: 0}
  m_PrefabInternal: {fileID: 100100000}
  serializedVersion: 5
  m_Component:
  - component: {fileID: 4399349929426002}
  - component: {fileID: 33709744869666318}
  - component: {fileID: 23620870377801740}
  - component: {fileID: 64036682585756520}
  m_Layer: 8
  m_Name: shadow
  m_TagString: Untagged
  m_Icon: {fileID: 0}
  m_NavMeshLayer: 0
  m_StaticEditorFlags: 0
  m_IsActive: 1
--- !u!1 &1889559287918084
GameObject:
  m_ObjectHideFlags: 1
  m_PrefabParentObject: {fileID: 0}
  m_PrefabInternal: {fileID: 100100000}
  serializedVersion: 5
  m_Component:
  - component: {fileID: 4276270598862610}
  m_Layer: 8
  m_Name: Lower_Arm_L
  m_TagString: Untagged
  m_Icon: {fileID: 0}
  m_NavMeshLayer: 0
  m_StaticEditorFlags: 0
  m_IsActive: 1
--- !u!1 &1968510750426696
GameObject:
  m_ObjectHideFlags: 1
  m_PrefabParentObject: {fileID: 0}
  m_PrefabInternal: {fileID: 100100000}
  serializedVersion: 5
  m_Component:
  - component: {fileID: 4297040593156770}
  m_Layer: 8
  m_Name: Staff
  m_TagString: Untagged
  m_Icon: {fileID: 0}
  m_NavMeshLayer: 0
  m_StaticEditorFlags: 0
  m_IsActive: 1
--- !u!4 &4041007862208876
Transform:
  m_ObjectHideFlags: 1
  m_PrefabParentObject: {fileID: 0}
  m_PrefabInternal: {fileID: 100100000}
  m_GameObject: {fileID: 1769791990349558}
  m_LocalRotation: {x: 0, y: -0.007203491, z: -0, w: 0.9999741}
  m_LocalPosition: {x: -20.035412, y: -8.526513e-14, z: -2.0067281e-14}
  m_LocalScale: {x: 1, y: 1, z: 1}
  m_Children: []
  m_Father: {fileID: 4653233424217232}
  m_RootOrder: 0
  m_LocalEulerAnglesHint: {x: 0, y: 0, z: 0}
--- !u!4 &4123682699928918
Transform:
  m_ObjectHideFlags: 1
  m_PrefabParentObject: {fileID: 0}
  m_PrefabInternal: {fileID: 100100000}
  m_GameObject: {fileID: 1108631055449906}
  m_LocalRotation: {x: -0.036109556, y: 0.049677882, z: -0.79363936, w: 0.60528076}
  m_LocalPosition: {x: -12.725123, y: -8.881784e-16, z: 3.5527137e-15}
  m_LocalScale: {x: 1, y: 1, z: 1}
  m_Children:
  - {fileID: 4133930010130956}
  m_Father: {fileID: 4543762081257958}
  m_RootOrder: 0
  m_LocalEulerAnglesHint: {x: 0, y: 0, z: 0}
--- !u!4 &4133930010130956
Transform:
  m_ObjectHideFlags: 1
  m_PrefabParentObject: {fileID: 0}
  m_PrefabInternal: {fileID: 100100000}
  m_GameObject: {fileID: 1280808950905638}
  m_LocalRotation: {x: 0.6967426, y: -0.051321194, z: 0.70637596, w: -0.113793746}
  m_LocalPosition: {x: -30.23228, y: -7.4246165e-15, z: -7.1054274e-15}
  m_LocalScale: {x: 1, y: 1, z: 1}
  m_Children: []
  m_Father: {fileID: 4123682699928918}
  m_RootOrder: 0
  m_LocalEulerAnglesHint: {x: 0, y: 0, z: 0}
--- !u!4 &4143575175167704
Transform:
  m_ObjectHideFlags: 1
  m_PrefabParentObject: {fileID: 0}
  m_PrefabInternal: {fileID: 100100000}
  m_GameObject: {fileID: 1705659541912488}
  m_LocalRotation: {x: 0.9958246, y: -0.0912879, z: 1.9468419e-17, w: 6.327377e-17}
  m_LocalPosition: {x: -25.582716, y: -8.881784e-16, z: -2.3017142e-15}
  m_LocalScale: {x: 1, y: 1, z: 1}
  m_Children:
  - {fileID: 4942649009164566}
  - {fileID: 4825332376013356}
  - {fileID: 4821427367972060}
  - {fileID: 4269514582240936}
  - {fileID: 4982102036115508}
  m_Father: {fileID: 4572881007162132}
  m_RootOrder: 0
  m_LocalEulerAnglesHint: {x: 0, y: 0, z: 0}
--- !u!4 &4191960353890928
Transform:
  m_ObjectHideFlags: 1
  m_PrefabParentObject: {fileID: 0}
  m_PrefabInternal: {fileID: 100100000}
  m_GameObject: {fileID: 1743063676627074}
  m_LocalRotation: {x: 7.739289e-15, y: -0.8219011, z: 7.571243e-15, w: 0.56963027}
  m_LocalPosition: {x: -53.133564, y: 4.2632564e-14, z: 3.5527137e-15}
  m_LocalScale: {x: 1, y: 1, z: 1}
  m_Children:
  - {fileID: 4466959927278644}
  m_Father: {fileID: 4982102036115508}
  m_RootOrder: 0
  m_LocalEulerAnglesHint: {x: 0, y: 0, z: 0}
--- !u!4 &4253750030494028
Transform:
  m_ObjectHideFlags: 1
  m_PrefabParentObject: {fileID: 0}
  m_PrefabInternal: {fileID: 100100000}
  m_GameObject: {fileID: 1423299980328996}
  m_LocalRotation: {x: -0.05121678, y: -0.69676024, z: 0.11369075, w: 0.70638263}
  m_LocalPosition: {x: -30.232239, y: -2.9837244e-15, z: -7.1054274e-15}
  m_LocalScale: {x: 1, y: 1, z: 1}
  m_Children: []
  m_Father: {fileID: 4812221589697626}
  m_RootOrder: 0
  m_LocalEulerAnglesHint: {x: 0, y: 0, z: 0}
--- !u!4 &4269514582240936
Transform:
  m_ObjectHideFlags: 1
  m_PrefabParentObject: {fileID: 0}
  m_PrefabInternal: {fileID: 100100000}
  m_GameObject: {fileID: 1229202312696798}
  m_LocalRotation: {x: 0.6417878, y: -0.45164672, z: -0.6196857, w: 0.010642345}
  m_LocalPosition: {x: -14.02746, y: -3.4342408, z: 28.74915}
  m_LocalScale: {x: 1, y: 1, z: 1}
  m_Children:
  - {fileID: 4276270598862610}
  m_Father: {fileID: 4143575175167704}
  m_RootOrder: 3
  m_LocalEulerAnglesHint: {x: 0, y: 0, z: 0}
--- !u!4 &4276270598862610
Transform:
  m_ObjectHideFlags: 1
  m_PrefabParentObject: {fileID: 0}
  m_PrefabInternal: {fileID: 100100000}
  m_GameObject: {fileID: 1889559287918084}
  m_LocalRotation: {x: 4.8545105e-16, y: 0.433, z: -1.1567011e-15, w: 0.90139395}
  m_LocalPosition: {x: -53.133537, y: 0, z: 9.769963e-15}
  m_LocalScale: {x: 1, y: 1, z: 1}
  m_Children:
  - {fileID: 4653233424217232}
  m_Father: {fileID: 4269514582240936}
  m_RootOrder: 0
  m_LocalEulerAnglesHint: {x: 0, y: 0, z: 0}
--- !u!4 &4297040593156770
Transform:
  m_ObjectHideFlags: 1
  m_PrefabParentObject: {fileID: 0}
  m_PrefabInternal: {fileID: 100100000}
  m_GameObject: {fileID: 1968510750426696}
  m_LocalRotation: {x: -0.043163035, y: -0.039431553, z: 0.6787936, w: 0.7319982}
  m_LocalPosition: {x: -50.983036, y: -54.37775, z: -77.06237}
  m_LocalScale: {x: 1, y: 1, z: 1}
  m_Children: []
  m_Father: {fileID: 4572881007162132}
  m_RootOrder: 1
  m_LocalEulerAnglesHint: {x: 0, y: 0, z: 0}
--- !u!4 &4399349929426002
Transform:
  m_ObjectHideFlags: 1
  m_PrefabParentObject: {fileID: 0}
  m_PrefabInternal: {fileID: 100100000}
  m_GameObject: {fileID: 1796809785947052}
  m_LocalRotation: {x: 0.7071068, y: -2.2401067e-15, z: 2.2401067e-15, w: 0.7071068}
  m_LocalPosition: {x: 0, y: 0, z: 0}
  m_LocalScale: {x: 1.9, y: 1.9, z: 1.9}
  m_Children: []
  m_Father: {fileID: 4505027038175320}
  m_RootOrder: 2
  m_LocalEulerAnglesHint: {x: 0, y: 0, z: 0}
--- !u!4 &4466959927278644
Transform:
  m_ObjectHideFlags: 1
  m_PrefabParentObject: {fileID: 0}
  m_PrefabInternal: {fileID: 100100000}
  m_GameObject: {fileID: 1018725298393776}
  m_LocalRotation: {x: 0.16452692, y: 0.3138256, z: -0.049663056, w: 0.9337976}
  m_LocalPosition: {x: -30.305365, y: -2.842171e-14, z: 1.7763568e-15}
  m_LocalScale: {x: 1, y: 1, z: 1}
  m_Children:
  - {fileID: 4941904409002036}
  m_Father: {fileID: 4191960353890928}
  m_RootOrder: 0
  m_LocalEulerAnglesHint: {x: 0, y: 0, z: 0}
--- !u!4 &4505027038175320
Transform:
  m_ObjectHideFlags: 1
  m_PrefabParentObject: {fileID: 0}
  m_PrefabInternal: {fileID: 100100000}
  m_GameObject: {fileID: 1709610372405284}
  m_LocalRotation: {x: 0, y: 0.1123361, z: 0, w: 0.9936703}
  m_LocalPosition: {x: 0, y: 0.02, z: 0}
  m_LocalScale: {x: 3.5, y: 3.5, z: 3.5}
  m_Children:
  - {fileID: 4572881007162132}
  - {fileID: 4590531842949622}
  - {fileID: 4399349929426002}
  m_Father: {fileID: 4972799230723336}
  m_RootOrder: 0
  m_LocalEulerAnglesHint: {x: 0, y: 12.9, z: 0}
--- !u!4 &4543762081257958
Transform:
  m_ObjectHideFlags: 1
  m_PrefabParentObject: {fileID: 0}
  m_PrefabInternal: {fileID: 100100000}
  m_GameObject: {fileID: 1725459023725544}
  m_LocalRotation: {x: -0.0018215522, y: -0.009527252, z: 0.15461822, w: 0.9879267}
  m_LocalPosition: {x: -16.481844, y: 4.32987e-15, z: 0}
  m_LocalScale: {x: 1, y: 1, z: 1}
  m_Children:
  - {fileID: 4123682699928918}
  m_Father: {fileID: 4570456881597482}
  m_RootOrder: 0
  m_LocalEulerAnglesHint: {x: 0, y: 0, z: 0}
--- !u!4 &4570456881597482
Transform:
  m_ObjectHideFlags: 1
  m_PrefabParentObject: {fileID: 0}
  m_PrefabInternal: {fileID: 100100000}
  m_GameObject: {fileID: 1535926999255990}
  m_LocalRotation: {x: -0.068332724, y: 0.007917685, z: 0.98794186, w: 0.13870427}
  m_LocalPosition: {x: 9.58039, y: 2.162486, z: 21.1821}
  m_LocalScale: {x: 1, y: 1, z: 1}
  m_Children:
  - {fileID: 4543762081257958}
  m_Father: {fileID: 4572881007162132}
  m_RootOrder: 3
  m_LocalEulerAnglesHint: {x: 0, y: 0, z: 0}
--- !u!4 &4572881007162132
Transform:
  m_ObjectHideFlags: 1
  m_PrefabParentObject: {fileID: 0}
  m_PrefabInternal: {fileID: 100100000}
  m_GameObject: {fileID: 1096936707981544}
  m_LocalRotation: {x: -0.43308944, y: 0.5589576, z: -0.43308944, w: 0.5589576}
  m_LocalPosition: {x: -6.101346e-33, y: 0.4345707, z: 0.019774662}
  m_LocalScale: {x: 0.01, y: 0.009999999, z: 0.01}
  m_Children:
  - {fileID: 4143575175167704}
  - {fileID: 4297040593156770}
  - {fileID: 4761089344667484}
  - {fileID: 4570456881597482}
  m_Father: {fileID: 4505027038175320}
  m_RootOrder: 0
  m_LocalEulerAnglesHint: {x: 0, y: 0, z: 0}
--- !u!4 &4590531842949622
Transform:
  m_ObjectHideFlags: 1
  m_PrefabParentObject: {fileID: 0}
  m_PrefabInternal: {fileID: 100100000}
  m_GameObject: {fileID: 1257389065171680}
  m_LocalRotation: {x: 0, y: -0, z: 0, w: 1}
  m_LocalPosition: {x: 0, y: 0, z: 0}
  m_LocalScale: {x: 0.01, y: 0.01, z: 0.01}
  m_Children: []
  m_Father: {fileID: 4505027038175320}
  m_RootOrder: 1
  m_LocalEulerAnglesHint: {x: 0, y: 0, z: 0}
--- !u!4 &4653233424217232
Transform:
  m_ObjectHideFlags: 1
  m_PrefabParentObject: {fileID: 0}
  m_PrefabInternal: {fileID: 100100000}
  m_GameObject: {fileID: 1464074661179490}
  m_LocalRotation: {x: -0.41868582, y: -0.24052317, z: 0.2634472, w: 0.83513254}
  m_LocalPosition: {x: -30.30516, y: 1.4210855e-14, z: 4.440892e-15}
  m_LocalScale: {x: 1, y: 1, z: 1}
  m_Children:
  - {fileID: 4041007862208876}
  m_Father: {fileID: 4276270598862610}
  m_RootOrder: 0
  m_LocalEulerAnglesHint: {x: 0, y: 0, z: 0}
--- !u!4 &4761089344667484
Transform:
  m_ObjectHideFlags: 1
  m_PrefabParentObject: {fileID: 0}
  m_PrefabInternal: {fileID: 100100000}
  m_GameObject: {fileID: 1275372143877114}
  m_LocalRotation: {x: 0.06831656, y: -0.007917713, z: 0.98794276, w: 0.1387058}
  m_LocalPosition: {x: 9.580402, y: 2.1624858, z: -21.182056}
  m_LocalScale: {x: 1, y: 1, z: 1}
  m_Children:
  - {fileID: 4836240158146428}
  m_Father: {fileID: 4572881007162132}
  m_RootOrder: 2
  m_LocalEulerAnglesHint: {x: 0, y: 0, z: 0}
--- !u!4 &4812221589697626
Transform:
  m_ObjectHideFlags: 1
  m_PrefabParentObject: {fileID: 0}
  m_PrefabInternal: {fileID: 100100000}
  m_GameObject: {fileID: 1607662248910726}
  m_LocalRotation: {x: 0.036000893, y: -0.049546447, z: -0.79364854, w: 0.60528594}
  m_LocalPosition: {x: -12.725127, y: 1.7763568e-15, z: 0}
  m_LocalScale: {x: 1, y: 1, z: 1}
  m_Children:
  - {fileID: 4253750030494028}
  m_Father: {fileID: 4836240158146428}
  m_RootOrder: 0
  m_LocalEulerAnglesHint: {x: 0, y: 0, z: 0}
--- !u!4 &4821427367972060
Transform:
  m_ObjectHideFlags: 1
  m_PrefabParentObject: {fileID: 0}
  m_PrefabInternal: {fileID: 100100000}
  m_GameObject: {fileID: 1724029128209828}
  m_LocalRotation: {x: -0.49505, y: 0.50490147, z: 0.49505, w: 0.50490147}
  m_LocalPosition: {x: -62.965614, y: 2.6645353e-14, z: -5.6825615e-15}
  m_LocalScale: {x: 1, y: 1, z: 1}
  m_Children: []
  m_Father: {fileID: 4143575175167704}
  m_RootOrder: 2
  m_LocalEulerAnglesHint: {x: 0, y: 0, z: 0}
--- !u!4 &4825332376013356
Transform:
  m_ObjectHideFlags: 1
  m_PrefabParentObject: {fileID: 0}
  m_PrefabInternal: {fileID: 100100000}
  m_GameObject: {fileID: 1666404115562580}
  m_LocalRotation: {x: 0.46602687, y: 0.5260633, z: -0.42706826, w: 0.56893677}
  m_LocalPosition: {x: -26.861208, y: -4.8427153, z: -58.25304}
  m_LocalScale: {x: 1, y: 1, z: 1}
  m_Children: []
  m_Father: {fileID: 4143575175167704}
  m_RootOrder: 1
  m_LocalEulerAnglesHint: {x: 0, y: 0, z: 0}
--- !u!4 &4836240158146428
Transform:
  m_ObjectHideFlags: 1
  m_PrefabParentObject: {fileID: 0}
  m_PrefabInternal: {fileID: 100100000}
  m_GameObject: {fileID: 1109991373915156}
  m_LocalRotation: {x: 0.0018278307, y: 0.009487453, z: 0.15462115, w: 0.9879266}
  m_LocalPosition: {x: -16.481838, y: -5.551115e-16, z: 7.1054274e-15}
  m_LocalScale: {x: 1, y: 1, z: 1}
  m_Children:
  - {fileID: 4812221589697626}
  m_Father: {fileID: 4761089344667484}
  m_RootOrder: 0
  m_LocalEulerAnglesHint: {x: 0, y: 0, z: 0}
--- !u!4 &4941904409002036
Transform:
  m_ObjectHideFlags: 1
  m_PrefabParentObject: {fileID: 0}
  m_PrefabInternal: {fileID: 100100000}
  m_GameObject: {fileID: 1308262552256654}
  m_LocalRotation: {x: 0.007203802, y: 3.6402366e-18, z: 0.9999741, w: -5.0530846e-16}
  m_LocalPosition: {x: -20.03508, y: -8.526513e-14, z: 2.2343238e-14}
  m_LocalScale: {x: 1, y: 1, z: 1}
  m_Children: []
  m_Father: {fileID: 4466959927278644}
  m_RootOrder: 0
  m_LocalEulerAnglesHint: {x: 0, y: 0, z: 0}
--- !u!4 &4942649009164566
Transform:
  m_ObjectHideFlags: 1
  m_PrefabParentObject: {fileID: 0}
  m_PrefabInternal: {fileID: 100100000}
  m_GameObject: {fileID: 1072556698399476}
  m_LocalRotation: {x: 0.5840295, y: -0.45449984, z: -0.5705536, w: -0.3561012}
  m_LocalPosition: {x: -24.040743, y: -4.678337, z: 63.996086}
  m_LocalScale: {x: 1, y: 1, z: 1}
  m_Children: []
  m_Father: {fileID: 4143575175167704}
  m_RootOrder: 0
  m_LocalEulerAnglesHint: {x: 0, y: 0, z: 0}
--- !u!4 &4972799230723336
Transform:
  m_ObjectHideFlags: 1
  m_PrefabParentObject: {fileID: 0}
  m_PrefabInternal: {fileID: 100100000}
  m_GameObject: {fileID: 1749486366854184}
  m_LocalRotation: {x: 0, y: 0, z: 0, w: 1}
  m_LocalPosition: {x: 0, y: 0, z: 19.119999}
  m_LocalScale: {x: 1, y: 1, z: 1}
  m_Children:
  - {fileID: 4505027038175320}
  m_Father: {fileID: 0}
  m_RootOrder: 0
  m_LocalEulerAnglesHint: {x: 0, y: 0, z: 0}
--- !u!4 &4982102036115508
Transform:
  m_ObjectHideFlags: 1
  m_PrefabParentObject: {fileID: 0}
  m_PrefabInternal: {fileID: 100100000}
  m_GameObject: {fileID: 1050731057417248}
  m_LocalRotation: {x: -0.42848143, y: 0.68850285, z: -0.43555146, w: -0.3907204}
  m_LocalPosition: {x: -14.027475, y: -3.4342446, z: -28.7491}
  m_LocalScale: {x: 1, y: 1, z: 1}
  m_Children:
  - {fileID: 4191960353890928}
  m_Father: {fileID: 4143575175167704}
  m_RootOrder: 4
  m_LocalEulerAnglesHint: {x: 0, y: 0, z: 0}
--- !u!23 &23620870377801740
MeshRenderer:
  m_ObjectHideFlags: 1
  m_PrefabParentObject: {fileID: 0}
  m_PrefabInternal: {fileID: 100100000}
  m_GameObject: {fileID: 1796809785947052}
  m_Enabled: 1
  m_CastShadows: 1
  m_ReceiveShadows: 1
  m_DynamicOccludee: 1
  m_MotionVectors: 1
  m_LightProbeUsage: 0
  m_ReflectionProbeUsage: 1
  m_Materials:
  - {fileID: 2100000, guid: 1329f8dad307feb42866f4c6bd828bc6, type: 2}
  m_StaticBatchInfo:
    firstSubMesh: 0
    subMeshCount: 0
  m_StaticBatchRoot: {fileID: 0}
  m_ProbeAnchor: {fileID: 0}
  m_LightProbeVolumeOverride: {fileID: 0}
  m_ScaleInLightmap: 1
  m_PreserveUVs: 0
  m_IgnoreNormalsForChartDetection: 0
  m_ImportantGI: 0
  m_StitchLightmapSeams: 0
  m_SelectedEditorRenderState: 3
  m_MinimumChartSize: 4
  m_AutoUVMaxDistance: 0.5
  m_AutoUVMaxAngle: 89
  m_LightmapParameters: {fileID: 0}
  m_SortingLayerID: 0
  m_SortingLayer: 0
  m_SortingOrder: 0
--- !u!33 &33709744869666318
MeshFilter:
  m_ObjectHideFlags: 1
  m_PrefabParentObject: {fileID: 0}
  m_PrefabInternal: {fileID: 100100000}
  m_GameObject: {fileID: 1796809785947052}
  m_Mesh: {fileID: 10210, guid: 0000000000000000e000000000000000, type: 0}
--- !u!64 &64036682585756520
MeshCollider:
  m_ObjectHideFlags: 1
  m_PrefabParentObject: {fileID: 0}
  m_PrefabInternal: {fileID: 100100000}
  m_GameObject: {fileID: 1796809785947052}
  m_Material: {fileID: 0}
  m_IsTrigger: 0
  m_Enabled: 1
  serializedVersion: 3
  m_Convex: 0
  m_CookingOptions: 14
  m_SkinWidth: 0.01
  m_Mesh: {fileID: 10210, guid: 0000000000000000e000000000000000, type: 0}
--- !u!95 &95522103011425366
Animator:
  serializedVersion: 3
  m_ObjectHideFlags: 1
  m_PrefabParentObject: {fileID: 0}
  m_PrefabInternal: {fileID: 100100000}
  m_GameObject: {fileID: 1709610372405284}
  m_Enabled: 1
  m_Avatar: {fileID: 9000000, guid: 3dc717adf98c7b043a3e77ed0130d470, type: 3}
  m_Controller: {fileID: 22100000, guid: f4c275453f654e9458781974c1e62c19, type: 2}
  m_CullingMode: 1
  m_UpdateMode: 0
  m_ApplyRootMotion: 0
  m_LinearVelocityBlending: 0
  m_WarningMessage: 
  m_HasTransformHierarchy: 1
  m_AllowConstantClipSamplingOptimization: 1
--- !u!114 &114267626440218076
MonoBehaviour:
  m_ObjectHideFlags: 1
  m_PrefabParentObject: {fileID: 0}
  m_PrefabInternal: {fileID: 100100000}
  m_GameObject: {fileID: 1749486366854184}
  m_Enabled: 1
  m_EditorHideFlags: 0
  m_Script: {fileID: 11500000, guid: 0df797b06119d8c4187a634d3d025b7f, type: 3}
  m_Name: 
  m_EditorClassIdentifier: 
  healthPoints: 1
  secondsBetweenMoves: 0.25
  secondsToMove: 0.5
  forceRecalcAfter: 5
--- !u!114 &114707444857478558
MonoBehaviour:
  m_ObjectHideFlags: 1
  m_PrefabParentObject: {fileID: 0}
  m_PrefabInternal: {fileID: 100100000}
  m_GameObject: {fileID: 1749486366854184}
  m_Enabled: 1
  m_EditorHideFlags: 0
  m_Script: {fileID: 11500000, guid: 316a962b369d92f4ba44b2ba5fcf6cf8, type: 3}
  m_Name: 
  m_EditorClassIdentifier: 
--- !u!136 &136670695242493686
CapsuleCollider:
  m_ObjectHideFlags: 1
  m_PrefabParentObject: {fileID: 0}
  m_PrefabInternal: {fileID: 100100000}
  m_GameObject: {fileID: 1257389065171680}
  m_Material: {fileID: 0}
  m_IsTrigger: 0
  m_Enabled: 1
  m_Radius: 137.9
  m_Height: 5
  m_Direction: 1
  m_Center: {x: -10.193577, y: 84.57535, z: 18.311865}
--- !u!137 &137234310945966412
SkinnedMeshRenderer:
  m_ObjectHideFlags: 1
  m_PrefabParentObject: {fileID: 0}
  m_PrefabInternal: {fileID: 100100000}
  m_GameObject: {fileID: 1257389065171680}
  m_Enabled: 1
  m_CastShadows: 1
  m_ReceiveShadows: 1
  m_DynamicOccludee: 1
  m_MotionVectors: 1
  m_LightProbeUsage: 0
  m_ReflectionProbeUsage: 1
  m_Materials:
  - {fileID: 2100000, guid: 62b1b109ebfd33d4ab81c69ff22c6813, type: 2}
  m_StaticBatchInfo:
    firstSubMesh: 0
    subMeshCount: 0
  m_StaticBatchRoot: {fileID: 0}
  m_ProbeAnchor: {fileID: 0}
  m_LightProbeVolumeOverride: {fileID: 0}
  m_ScaleInLightmap: 1
  m_PreserveUVs: 0
  m_IgnoreNormalsForChartDetection: 0
  m_ImportantGI: 0
  m_StitchLightmapSeams: 0
  m_SelectedEditorRenderState: 3
  m_MinimumChartSize: 4
  m_AutoUVMaxDistance: 0.5
  m_AutoUVMaxAngle: 89
  m_LightmapParameters: {fileID: 0}
  m_SortingLayerID: 0
  m_SortingLayer: 0
  m_SortingOrder: 0
  serializedVersion: 2
  m_Quality: 0
  m_UpdateWhenOffscreen: 0
  m_SkinnedMotionVectors: 1
  m_Mesh: {fileID: 4300000, guid: 3dc717adf98c7b043a3e77ed0130d470, type: 3}
  m_Bones:
  - {fileID: 4572881007162132}
  - {fileID: 4143575175167704}
  - {fileID: 4821427367972060}
  - {fileID: 4269514582240936}
  - {fileID: 4276270598862610}
  - {fileID: 4653233424217232}
  - {fileID: 4041007862208876}
  - {fileID: 4982102036115508}
  - {fileID: 4191960353890928}
  - {fileID: 4466959927278644}
  - {fileID: 4941904409002036}
  - {fileID: 4942649009164566}
  - {fileID: 4825332376013356}
  - {fileID: 4761089344667484}
  - {fileID: 4836240158146428}
  - {fileID: 4812221589697626}
  - {fileID: 4253750030494028}
  - {fileID: 4297040593156770}
  - {fileID: 4570456881597482}
  - {fileID: 4543762081257958}
  - {fileID: 4123682699928918}
  - {fileID: 4133930010130956}
  m_BlendShapeWeights: []
  m_RootBone: {fileID: 4572881007162132}
  m_AABB:
    m_Center: {x: -94.448425, y: -11.778332, z: -2.2719574}
    m_Extent: {x: 168.41486, y: 97.625046, z: 113.145996}
  m_DirtyAABB: 0
